Automatically generated by Mendeley Desktop 1.17.9
Any changes to this file will be lost if it is regenerated by Mendeley.

BibTeX export options can be customized via Preferences -> BibTeX in Mendeley Desktop

@article{debandt2015,
	title={Systemic risk in banking},
	author={De Bandt, Olivier and Hartmann, Philipp and Peydr{\'o}, Jos{\'e} Luis},
	year={2015}
}

@article{pastorveronesi2003,
	title={Liquidity risk and expected stock returns},
	author={P{\'a}stor, L'ubo{\v{s}} and Stambaugh, Robert F},
	journal={Journal of Political economy},
	volume={111},
	number={3},
	pages={642--685},
	year={2003},
	publisher={The University of Chicago Press}
}

@article{adrianbrunnermeier2009,
	title={CoVar: A method for macroprudential regulation},
	author={Adrian, Tobias and Brunnermeier, Markus K},
	journal={Federal Reserve Bank of New York Staff Report},
	volume={348},
	year={2009}
}

@article{borio2003,
	title={Towards a macroprudential framework for financial supervision and regulation?},
	author={Borio, Claudio},
	journal={CESifo Economic Studies},
	volume={49},
	number={2},
	pages={181--215},
	year={2003},
	publisher={Oxford University Press}
}

@article{brownleesengle2015,
	title={SRISK: A conditional capital shortfall index for systemic risk measurement},
	author={Brownlees, Christian T and Engle, Robert F},
	journal={Department of Finance, New York University},
	year={2015}
}

@article{hartmannvries2006,
	title={de Vries (2006). Banking system stability: A Cross-Atlantic perspective},
	author={Hartmann, Philipp and Straetmans, Stefan and Casper, G},
	journal={The Risks of Financial Institutions, ed. M. Carey and RM Stulz, Chicago University Press and NBER},
	pages={133--88}
}

@article{calomiris1997,
	title={Contagion and bank failures during the Great Depression: The June 1932 Chicago banking panic},
	author={Calomiris, Charles W and Mason, Joseph R},
	journal={The American Economic Review},
	volume={87},
	number={5},
	pages={863--883},
	year={1997},
	publisher={Citeseer}
}

@article{iyer2011,
	title={Interbank contagion at work: Evidence from a natural experiment},
	author={Iyer, Rajkamal and Peydro, Jose-Luis},
	journal={The Review of Financial Studies},
	volume={24},
	number={4},
	pages={1337--1377},
	year={2011},
	publisher={Society for Financial Studies}
}

@book{brunnermeier2009,
	title={The fundamental principles of financial regulation},
	author={Brunnermeier, Markus Konrad and Crockett, Andrew and Goodhart, Charles AE and Persaud, Avinash and Shin, Hyun Song},
	volume={11},
	year={2009},
	publisher={ICMB, Internat. Center for Monetary and Banking Studies}
}

@article{acharya2012,
	title={Capital shortfall: A new approach to ranking and regulating systemic risks},
	author={Acharya, Viral and Engle, Robert and Richardson, Matthew},
	journal={The American Economic Review},
	volume={102},
	number={3},
	pages={59--64},
	year={2012},
	publisher={American Economic Association}
}

@article{acharya2017,
	title={Measuring systemic risk},
	author={Acharya, Viral V and Pedersen, Lasse H and Philippon, Thomas and Richardson, Matthew},
	journal={The Review of Financial Studies},
	volume={30},
	number={1},
	pages={2--47},
	year={2017},
	publisher={Oxford University Press}
}

@article{li2006,
	title={Presidential election uncertainty and common stock returns in the United States},
	author={Li, Jinliang and Born, Jeffery A},
	journal={Journal of Financial Research},
	volume={29},
	number={4},
	pages={609--622},
	year={2006},
	publisher={Wiley Online Library}
}

@article{pastorveronesi2012,
	title={Uncertainty about government policy and stock prices},
	author={Pastor, Lubos and Veronesi, Pietro},
	journal={The Journal of Finance},
	volume={67},
	number={4},
	pages={1219--1264},
	year={2012},
	publisher={Wiley Online Library}
}

@article{bloom2009,
	title={The impact of uncertainty shocks},
	author={Bloom, Nicholas},
	journal={econometrica},
	volume={77},
	number={3},
	pages={623--685},
	year={2009},
	publisher={Wiley Online Library}
}

@article{drazen1990,
	title={Inflationary consequences of anticipated macroeconomic policies},
	author={Drazen, Allan and Helpman, Elhanan},
	journal={The Review of Economic Studies},
	volume={57},
	number={1},
	pages={147--164},
	year={1990},
	publisher={Wiley-Blackwell}
}

@article{hermes2001,
	title={Capital flight and the uncertainty of government policies},
	author={Hermes, Niels and Lensink, Robert},
	journal={Economics Letters},
	volume={71},
	number={3},
	pages={377--381},
	year={2001},
	publisher={Elsevier}
}

@techreport{gomes2008,
	title={Optimal life-cycle investing with flexible labor supply: A welfare analysis of life-cycle funds},
	author={Gomes, Francisco J and Kotlikoff, Laurence J and Viceira, Luis M},
	year={2008},
	institution={National Bureau of Economic Research}
}

@article{smith2016,
	title={US political corruption and firm financial policies},
	author={Smith, Jared D},
	journal={Journal of Financial Economics},
	volume={121},
	number={2},
	pages={350--367},
	year={2016},
	publisher={Elsevier}
}